@article{Ankerst:1999:OOP:304181.304187,
author = {Ankerst, Mihael and Breunig, Markus M. and Kriegel, Hans-Peter and Sander, J\"{o}rg},
title ={OPTICS: Ordering Points to Identify the Clustering Structure},
journal ={SIGMOD Rec.},
issue_date ={June 1999},
volume ={28},
number ={2},
month = jun,
year ={1999},
issn ={0163-5808},
pages ={49--60},
numpages ={12},
url ={http://doi.acm.org/10.1145/304181.304187},
doi ={10.1145/304181.304187},
acmid ={304187},
publisher ={ACM},
address ={New York, NY, USA},
keywords ={cluster analysis, database mining, visualization}
}

@article{1748-0221-9-03-C03048,
  author={P Antilogus and P Astier and P Doherty and A Guyonnet and N Regnault},
  title={The brighter-fatter effect and pixel correlations in CCD sensors},
  journal={Journal of Instrumentation},
  volume={9},
  number={03},
  pages={C03048},
  url={http://stacks.iop.org/1748-0221/9/i=03/a=C03048},
  year={2014}
}

@misc{Becker13,
author={Becker, Andrew and Krughoff, Simon and Connolly, Andrew and Owen, Russell and Price, Paul and Lupton, Robert and Lang, Dustin and Bosch, Jim and Allsman, Robyn and Al Sayyad, Yusra and Becla, Jacek and Bickerton, Steve and Daniel, Scott and Daues, Greg and Dubois-Felsmann, Gregory and Freemon, Mike and Gee, Perry and Glick, Bill and Groom, Steve and Juri{\'c}, Mario and Kantor, Jeff and Lambert, Ron and Lim, Kian-Tat and Mather, Bruce and Monkewitz, Serge and Olsen, Knut and Pietrowicz, Steve and Plante, Ray and Shaw, Dick and Smith, Douglas and Van Dyk, Schuyler and Wang, Daniel},
title={Report on Late Winter 2013 Production: Image Differencing},
year={2013},
url={http://ls.st/x9f}
}

@misc{Becker14,
author = {Becker, Andrew},
title = {Report on Summer 2014 Production: Analysis of DCR},
year = {2014},
url = {https://github.com/lsst-dm/S14DCR/blob/master/report/S14report_V0-00.pdf}
}

@ARTICLE{2013MNRAS.431.1275B,
   author = {{Bickerton}, S.~J. and {Lupton}, R.~H.},
    title = "{An algorithm for precise aperture photometry of critically sampled images}",
  journal = {\mnras},
archivePrefix = "arXiv",
   eprint = {1302.4764},
 primaryClass = "astro-ph.IM",
 keywords = {methods: analytical, methods: data analysis, methods: numerical, techniques: image processing, techniques: photometric},
     year = 2013,
    month = may,
   volume = 431,
    pages = {1275-1285},
      doi = {10.1093/mnras/stt244},
   adsurl = {http://adsabs.harvard.edu/abs/2013MNRAS.431.1275B},
  adsnote = {Provided by the SAO/NASA Astrophysics Data System}
}

@ARTICLE{2012PASP..124.1175B,
   author = {{Bloom}, J.~S. and {Richards}, J.~W. and {Nugent}, P.~E. and 
	{Quimby}, R.~M. and {Kasliwal}, M.~M. and {Starr}, D.~L. and 
	{Poznanski}, D. and {Ofek}, E.~O. and {Cenko}, S.~B. and {Butler}, N.~R. and 
	{Kulkarni}, S.~R. and {Gal-Yam}, A. and {Law}, N.},
    title = "{Automating Discovery and Classification of Transients and Variable Stars in the Synoptic Survey Era}",
  journal = {\pasp},
archivePrefix = "arXiv",
   eprint = {1106.5491},
 primaryClass = "astro-ph.IM",
     year = 2012,
    month = nov,
   volume = 124,
    pages = {1175-1196},
      doi = {10.1086/668468},
   adsurl = {http://adsabs.harvard.edu/abs/2012PASP..124.1175B},
  adsnote = {Provided by the SAO/NASA Astrophysics Data System}
}

@PHDTHESIS{2011PhDT.......226B,
   author = {{Bosch}, J.~F.},
    title = "{Modeling Techniques for Measuring Galaxy Properties in Multi-Epoch Surveys}",
   school = {University of California, Davis},
     year = 2011,
    month = February,
   adsurl = {http://adsabs.harvard.edu/abs/2011PhDT.......226B},
  adsnote = {Provided by the SAO/NASA Astrophysics Data System}
}

@misc{Bosch13,
author = {Bosch, J.~F. and Gee, P. and Owen, R. and Juri{\'c}, M.},
title = {LSST DM S13 Report: Shape measurement plans and prototypes},
year = {2013},
url = {https://docushare.lsstcorp.org/docushare/dsweb/ImageStoreViewer/Document-15298}
}

@misc{Bosch15,
author = {Bosch, J.~F.},
title = {Measurement of Blended Objects in LSST},
year = {2015},
url = {https://ldm-151.lsst.io/blended-measurement.pdf}
}

@ARTICLE{2011AJ....141...93B,
   author = {{Butler}, N.~R. and {Bloom}, J.~S.},
    title = "{Optimal Time-series Selection of Quasars}",
  journal = {\aj},
archivePrefix = "arXiv",
   eprint = {1008.3143},
 keywords = {cosmology: miscellaneous, methods: statistical, quasars: general, stars: variables: general},
     year = 2011,
    month = mar,
   volume = 141,
      eid = {93},
    pages = {93},
      doi = {10.1088/0004-6256/141/3/93},
   adsurl = {http://adsabs.harvard.edu/abs/2011AJ....141...93B},
  adsnote = {Provided by the SAO/NASA Astrophysics Data System}
}

@ARTICLE{2007A&A...475.1159D,
   author = {{Debosscher}, J. and {Sarro}, L.~M. and {Aerts}, C. and {Cuypers}, J. and 
	{Vandenbussche}, B. and {Garrido}, R. and {Solano}, E.},
    title = "{Automated supervised classification of variable stars. I. Methodology}",
  journal = {\aap},
archivePrefix = "arXiv",
   eprint = {0711.0703},
 keywords = {stars: variables: general, stars: binaries: general, techniques: photometric, methods: statistical, methods: data analysis},
     year = 2007,
    month = dec,
   volume = 475,
    pages = {1159-1183},
      doi = {10.1051/0004-6361:20077638},
   adsurl = {http://adsabs.harvard.edu/abs/2007A%26A...475.1159D},
  adsnote = {Provided by the SAO/NASA Astrophysics Data System}
}

@ARTICLE{2014MNRAS.440.1296H,
   author = {{Huff}, E.~M. and {Hirata}, C.~M. and {Mandelbaum}, R. and {Schlegel}, D. and 
	{Seljak}, U. and {Lupton}, R.~H.},
    title = "{Seeing in the dark - I. Multi-epoch alchemy}",
  journal = {\mnras},
archivePrefix = "arXiv",
   eprint = {1111.6958},
 keywords = {gravitational lensing: weak, techniques: image processing, surveys, cosmology: observations},
     year = 2014,
    month = may,
   volume = 440,
    pages = {1296-1321},
      doi = {10.1093/mnras/stu144},
   adsurl = {http://adsabs.harvard.edu/abs/2014MNRAS.440.1296H},
  adsnote = {Provided by the SAO/NASA Astrophysics Data System}
}

@misc{Furusawa14,
author = {Furusawa, Hisanori and Koike, Michitaro Koike and Okura, Yuki Okura and Takata, Tadafumi Takata and Yamada, Yoshihiko Yamada and Yamanoi, Hitomi Yamanoi and Yasuda, Naoki Yasuda and Bickerton, Steven Bickerton and Katayama, Nobu Katayama and Mineo, Sogo Mineo and Lupton, Robert Lupton and Bosch, Jim Bosch and Loomis, Craig Loomis and Miyatake, Hironao Miyatake and Price, Paul Price and Smith, Kendrick Smith and Lang, Dustin Lang},
title = {Hyper Suprime-Cam Survey Pipeline Description},
year = {2014},
url = {http://hsca.ipmu.jp/pipeline_outputs.pdf}
}

@ARTICLE{2011PASP..123..596J,
   author = {{Jee}, M.~J. and {Tyson}, J.~A.},
    title = "{Toward Precision LSST Weak-Lensing Measurement. I. Impacts of Atmospheric Turbulence and Optical Aberration}",
  journal = {\pasp},
archivePrefix = "arXiv",
   eprint = {1011.1913},
 primaryClass = "astro-ph.IM",
     year = 2011,
    month = may,
   volume = 123,
    pages = {596-614},
      doi = {10.1086/660137},
   adsurl = {http://adsabs.harvard.edu/abs/2011PASP..123..596J},
  adsnote = {Provided by the SAO/NASA Astrophysics Data System}
}

@ARTICLE{2013ApJ...765...74J,
   author = {{Jee}, M.~J. and {Tyson}, J.~A. and {Schneider}, M.~D. and {Wittman}, D. and 
	{Schmidt}, S. and {Hilbert}, S.},
    title = "{Cosmic Shear Results from the Deep Lens Survey. I. Joint Constraints on {$\Omega$}$_{ M }$ and {$\sigma$}$_{8}$ with a Two-dimensional Analysis}",
  journal = {\apj},
archivePrefix = "arXiv",
   eprint = {1210.2732},
 keywords = {cosmological parameters, cosmology: observations, dark matter, gravitational lensing: weak, large-scale structure of universe },
     year = 2013,
    month = mar,
   volume = 765,
      eid = {74},
    pages = {74},
      doi = {10.1088/0004-637X/765/1/74},
   adsurl = {http://adsabs.harvard.edu/abs/2013ApJ...765...74J},
  adsnote = {Provided by the SAO/NASA Astrophysics Data System}
}

@INPROCEEDINGS{2005AAS...207.2632K,
   author = {{Kubica}, J. and {Axelrod}, T. and {Barnard}, K. and {Connolly}, A. and 
	{Denneau}, L. and {Efrat}, A. and {Heasley}, J. and {Jedicke}, R. and 
	{Moon}, B. and {Moore}, A. and {Morris}, S. and {Rao}, P.},
    title = "{Efficiently Tracking Moving Sources in the LSST}",
booktitle = {American Astronomical Society Meeting Abstracts},
     year = 2005,
   series = {Bulletin of the American Astronomical Society},
   volume = 37,
    month = dec,
      eid = {26.32},
    pages = {1207},
   adsurl = {http://adsabs.harvard.edu/abs/2005AAS...207.2632K},
  adsnote = {Provided by the SAO/NASA Astrophysics Data System}
}

@ARTICLE{2009AJ....137.4400L,
   author = {{Lang}, D. and {Hogg}, D.~W. and {Jester}, S. and {Rix}, H.-W.
	},
    title = "{Measuring the Undetectable: Proper Motions and Parallaxes of Very Faint Sources}",
  journal = {\aj},
archivePrefix = "arXiv",
   eprint = {0808.4004},
 keywords = {astrometry, methods: statistical, quasars: general, stars: kinematics, stars: low-mass, brown dwarfs, techniques: image processing},
     year = 2009,
    month = may,
   volume = 137,
    pages = {4400-4411},
      doi = {10.1088/0004-6256/137/5/4400},
   adsurl = {http://adsabs.harvard.edu/abs/2009AJ....137.4400L},
  adsnote = {Provided by the SAO/NASA Astrophysics Data System}
}

@misc{LuptonPhoto,
author = {Lupton, Robert H. and Ivezi{\'c}, {\v Z}eljko and Gunn, James E. and Knapp, Gillian and Strauss, Michael A. and Richmond, Michael and Ellman, Nan and Newburg, Heidi and Fan, Xiaohui and Yasuda, Naoki and Fukugita, Masataka and Shimasaku, Kazu and Postman, Marc and Connolly, Andy and Johnston, David and Quinn, Tom and Rockosi, Connie and Yanny, Brian and Fukugita, Masataka and Kent, Steve and Stoughton, Chris and Petravick, Don and Lee, Lynda M. and Ivezi{\'c}, Pamela},
title = {SDSS Image Processing II: The \textit{Photo} Pipelines},
year = {unknown},
url = {http://www.astro.princeton.edu/~rhl/photo-lite.pdf}
}

@INPROCEEDINGS{2005ASPC..338..151L,
   author = {{Lupton}, R. and {Ivezi{\'c}}, {\v Z}.},
    title = "{Experience with SDSS: the Promise and Perils of Large Surveys}",
booktitle = {Astrometry in the Age of the Next Generation of Large Telescopes},
     year = 2005,
   series = {Astronomical Society of the Pacific Conference Series},
   volume = 338,
   editor = {{Seidelmann}, P.~K. and {Monet}, A.~K.~B.},
    month = oct,
    pages = {151},
   adsurl = {http://adsabs.harvard.edu/abs/2005ASPC..338..151L},
  adsnote = {Provided by the SAO/NASA Astrophysics Data System}
}

@misc{Lupton15,
author = {Lupton, R. and Juri{\'c}, M. and Stubbs, C.},
title = {LSST's Plans for Calibration Photometry},
year = {2016},
url = {https://github.com/lsst-dm/calibration/blob/master/calibration.pdf}
}

@INPROCEEDINGS{2007ASPC..376..257D,
   author = {{Denneau}, Jr., L. and {Kubica}, J. and {Jedicke}, R.},
    title = "{The Pan-STARRS Moving Object Pipeline}",
booktitle = {Astronomical Data Analysis Software and Systems XVI},
     year = 2007,
   series = {Astronomical Society of the Pacific Conference Series},
   volume = 376,
   editor = {{Shaw}, R.~A. and {Hill}, F. and {Bell}, D.~J.},
    month = oct,
    pages = {257},
   adsurl = {http://adsabs.harvard.edu/abs/2007ASPC..376..257D},
  adsnote = {Provided by the SAO/NASA Astrophysics Data System}
}

@ARTICLE{2015JInst..10C5010O,
   author = {{O'Connor}, P.},
    title = "{Crosstalk in multi-output CCDs for LSST}",
  journal = {Journal of Instrumentation},
archivePrefix = "arXiv",
   eprint = {1501.04137},
 primaryClass = "astro-ph.IM",
     year = 2015,
    month = may,
   volume = 10,
      eid = {C05010},
    pages = {C05010},
      doi = {10.1088/1748-0221/10/05/C05010},
   adsurl = {http://adsabs.harvard.edu/abs/2015JInst..10C5010O},
  adsnote = {Provided by the SAO/NASA Astrophysics Data System}
}

@ARTICLE{2008ApJ...674.1217P,
   author = {{Padmanabhan}, N. and {Schlegel}, D.~J. and {Finkbeiner}, D.~P. and 
	{Barentine}, J.~C. and {Blanton}, M.~R. and {Brewington}, H.~J. and 
	{Gunn}, J.~E. and {Harvanek}, M. and {Hogg}, D.~W. and {Ivezi{\'c}}, {\v Z}. and 
	{Johnston}, D. and {Kent}, S.~M. and {Kleinman}, S.~J. and {Knapp}, G.~R. and 
	{Krzesinski}, J. and {Long}, D. and {Neilsen}, Jr., E.~H. and 
	{Nitta}, A. and {Loomis}, C. and {Lupton}, R.~H. and {Roweis}, S. and 
	{Snedden}, S.~A. and {Strauss}, M.~A. and {Tucker}, D.~L.},
    title = "{An Improved Photometric Calibration of the Sloan Digital Sky Survey Imaging Data}",
  journal = {\apj},
   eprint = {astro-ph/0703454},
 keywords = {techniques: photometric },
     year = 2008,
    month = feb,
   volume = 674,
      eid = {1217-1233},
    pages = {1217-1233},
      doi = {10.1086/524677},
   adsurl = {http://adsabs.harvard.edu/abs/2008ApJ...674.1217P},
  adsnote = {Provided by the SAO/NASA Astrophysics Data System}
}

@misc{Rasmussen15,
author = {Rasmussen, A.},
title = {Sensor Modeling for the LSST Camera Focal Plane: Current Status of SLAC Originated Code},
year = {2015},
url = {https://docushare.lsstcorp.org/docushare/dsweb/Get/Document-8590}
}

@ARTICLE{2011ApJ...733...10R,
   author = {{Richards}, J.~W. and {Starr}, D.~L. and {Butler}, N.~R. and 
	{Bloom}, J.~S. and {Brewer}, J.~M. and {Crellin-Quick}, A. and 
	{Higgins}, J. and {Kennedy}, R. and {Rischard}, M.},
    title = "{On Machine-learned Classification of Variable Stars with Sparse and Noisy Time-series Data}",
  journal = {\apj},
archivePrefix = "arXiv",
   eprint = {1101.1959},
 primaryClass = "astro-ph.IM",
 keywords = {methods: data analysis, methods: statistical, stars: variables: general, techniques: photometric},
     year = 2011,
    month = may,
   volume = 733,
      eid = {10},
    pages = {10},
      doi = {10.1088/0004-637X/733/1/10},
   adsurl = {http://adsabs.harvard.edu/abs/2011ApJ...733...10R},
  adsnote = {Provided by the SAO/NASA Astrophysics Data System}
}

@ARTICLE{2012ApJ...756..158S,
   author = {{Schlafly}, E.~F. and {Finkbeiner}, D.~P. and {Juri{\'c}}, M. and 
	{Magnier}, E.~A. and {Burgett}, W.~S. and {Chambers}, K.~C. and 
	{Grav}, T. and {Hodapp}, K.~W. and {Kaiser}, N. and {Kudritzki}, R.-P. and 
	{Martin}, N.~F. and {Morgan}, J.~S. and {Price}, P.~A. and {Rix}, H.-W. and 
	{Stubbs}, C.~W. and {Tonry}, J.~L. and {Wainscoat}, R.~J.},
    title = "{Photometric Calibration of the First 1.5 Years of the Pan-STARRS1 Survey}",
  journal = {\apj},
archivePrefix = "arXiv",
   eprint = {1201.2208},
 primaryClass = "astro-ph.IM",
 keywords = {atmospheric effects, methods: data analysis, surveys, techniques: photometric},
     year = 2012,
    month = sep,
   volume = 756,
      eid = {158},
    pages = {158},
      doi = {10.1088/0004-637X/756/2/158},
   adsurl = {http://adsabs.harvard.edu/abs/2012ApJ...756..158S},
  adsnote = {Provided by the SAO/NASA Astrophysics Data System}
}

@ARTICLE{1996PASP..108..851S,
   author = {{Stetson}, P.~B.},
    title = "{On the Automatic Determination of Light-Curve Parameters for Cepheid Variables}",
  journal = {\pasp},
 keywords = {CEPHEIDS, METHODS: NUMERICAL},
     year = 1996,
    month = oct,
   volume = 108,
    pages = {851},
      doi = {10.1086/133808},
   adsurl = {http://adsabs.harvard.edu/abs/1996PASP..108..851S},
  adsnote = {Provided by the SAO/NASA Astrophysics Data System}
}

@ARTICLE{2014JInst...9C3032S,
   author = {{Stubbs}, C.~W.},
    title = "{Precision astronomy with imperfect fully depleted CCDs {\mdash} an introduction and a suggested lexicon}",
  journal = {Journal of Instrumentation},
archivePrefix = "arXiv",
   eprint = {1312.2313},
 primaryClass = "astro-ph.IM",
     year = 2014,
    month = mar,
   volume = 9,
      eid = {C03032},
    pages = {C03032},
      doi = {10.1088/1748-0221/9/03/C03032},
   adsurl = {http://adsabs.harvard.edu/abs/2014JInst...9C3032S},
  adsnote = {Provided by the SAO/NASA Astrophysics Data System}
}

@ARTICLE{1999AJ....117...68S,
   author = {{Szalay}, A.~S. and {Connolly}, A.~J. and {Szokoly}, G.~P.},
    title = "{Simultaneous Multicolor Detection of Faint Galaxies in the Hubble Deep Field}",
  journal = {\aj},
   eprint = {astro-ph/9811086},
 keywords = {COSMOLOGY: OBSERVATIONS, GALAXIES: FUNDAMENTAL PARAMETERS, GALAXIES: PHOTOMETRY, TECHNIQUES: PHOTOMETRIC},
     year = 1999,
    month = jan,
   volume = 117,
    pages = {68-74},
      doi = {10.1086/300689},
   adsurl = {http://adsabs.harvard.edu/abs/1999AJ....117...68S},
  adsnote = {Provided by the SAO/NASA Astrophysics Data System}
}

@ARTICLE{1998ApJ...503..325A,
   author = {{Alard}, C. and {Lupton}, R.~H.},
    title = "{A Method for Optimal Image Subtraction}",
  journal = {\apj},
   eprint = {astro-ph/9712287},
 keywords = {METHODS: DATA ANALYSIS, METHODS: STATISTICAL, TECHNIQUES: IMAGE PROCESSING, Methods: Data Analysis, Methods: Statistical, Techniques: Image Processing},
     year = 1998,
    month = aug,
   volume = 503,
    pages = {325-331},
      doi = {10.1086/305984},
   adsurl = {http://adsabs.harvard.edu/abs/1998ApJ...503..325A},
  adsnote = {Provided by the SAO/NASA Astrophysics Data System}
}

@ARTICLE{2000A&AS..144..363A,
   author = {{Alard}, C.},
    title = "{Image subtraction using a space-varying kernel}",
  journal = {\aaps},
 keywords = {METHODS: NUMERICAL, METHODS: STATISTICAL, STARS: VARIABLES: GENERAL, COSMOLOGY: GRAVITATIONAL LENSING},
     year = 2000,
    month = jun,
   volume = 144,
    pages = {363-370},
      doi = {10.1051/aas:2000214},
   adsurl = {http://adsabs.harvard.edu/abs/2000A%26AS..144..363A},
  adsnote = {Provided by the SAO/NASA Astrophysics Data System}
}

@ARTICLE{2007AN....328...16I,
   author = {{Israel}, H. and {Hessman}, F.~V. and {Schuh}, S.},
    title = "{Optimising optimal image subtraction}",
  journal = {Astronomische Nachrichten},
   eprint = {astro-ph/0611627},
 keywords = {methods: data analysis, techniques: image processing, techniques: photometric},
     year = 2007,
    month = jan,
   volume = 328,
    pages = {16-24},
      doi = {10.1002/asna.200610703},
   adsurl = {http://adsabs.harvard.edu/abs/2007AN....328...16I},
  adsnote = {Provided by the SAO/NASA Astrophysics Data System}
}

@misc{Kaiser04,
author = {Kaiser, N.},
title = {Addition of Images with Varying Seeing},
year = {2004},
url = {http://spider.ipac.caltech.edu/staff/fmasci/home/astro_refs/PanStars_Coadder.pdf},
note = {Pan-STARRS Document Control, PSDC-002-011-xx}
}

@ARTICLE{2016ApJ...830...27Z,
   author = {{Zackay}, B. and {Ofek}, E.~O. and {Gal-Yam}, A.},
    title = "{Proper Image Subtraction{\mdash}Optimal Transient Detection, Photometry, and Hypothesis Testing}",
  journal = {\apj},
archivePrefix = "arXiv",
   eprint = {1601.02655},
 primaryClass = "astro-ph.IM",
 keywords = {gravitational lensing: micro, methods: data analysis, methods: statistical, surveys, techniques: image processing, techniques: photometric },
     year = 2016,
    month = oct,
   volume = 830,
      eid = {27},
    pages = {27},
      doi = {10.3847/0004-637X/830/1/27},
   adsurl = {http://adsabs.harvard.edu/abs/2016ApJ...830...27Z},
  adsnote = {Provided by the SAO/NASA Astrophysics Data System}
}

@ARTICLE{2008ApJ...679..301B,
   author = {{Budav{\'a}ri}, T. and {Szalay}, A.~S.},
    title = "{Probabilistic Cross-Identification of Astronomical Sources}",
  journal = {\apj},
archivePrefix = "arXiv",
   eprint = {0707.1611},
 keywords = {astrometry, catalogs, galaxies: statistics, methods: statistical },
     year = 2008,
    month = may,
   volume = 679,
      eid = {301-309},
    pages = {301-309},
      doi = {10.1086/587156},
   adsurl = {http://adsabs.harvard.edu/abs/2008ApJ...679..301B},
  adsnote = {Provided by the SAO/NASA Astrophysics Data System}
}

@article{Canny:1986:CAE:11274.11275,
 author = {Canny, J},
 title = {A Computational Approach to Edge Detection},
 journal = {IEEE Trans. Pattern Anal. Mach. Intell.},
 issue_date = {June 1986},
 volume = {8},
 number = {6},
 month = jun,
 year = {1986},
 issn = {0162-8828},
 pages = {679--698},
 numpages = {20},
 url = {http://dx.doi.org/10.1109/TPAMI.1986.4767851},
 doi = {10.1109/TPAMI.1986.4767851},
 acmid = {11275},
 publisher = {IEEE Computer Society},
 address = {Washington, DC, USA},
 keywords = {Edge detection, feature extraction, image processing, machine vision, multiscale image analysis},
} 

@TECHREPORT{2016acs..rept....1B,
   author = {{Borncamp}, D. and {Lim}, P.~L.},
    title = "{Satellite Detection in Advanced Camera for Surveys/Wide Field Channel Images}",
 keywords = {Hubble Space Telescope, Space Telescope Science Institute, STScI, HST},
booktitle = {Instrument Science Report ACS 2016-01, 10 pages},
     year = 2016,
    month = jan,
   adsurl = {http://adsabs.harvard.edu/abs/2016acs..rept....1B},
  adsnote = {Provided by the SAO/NASA Astrophysics Data System}
}

@article{galamhos99,
 author = {Galamhos, C. and Matas, J. and Kittler, J.},
 title = {Progressive Probabilistic Hough Transform for Line Detection},
 journal = {IEEE Computer Society Conference on Computer Vision and Pattern Recognition},
 issue_date = {June 1999},
 volume = {2},
 number = {1},
 month = jun,
 year = {1999},
 issn = {1063-6919},
 pages = {i-xviii},
 numpages = {18},
 url = {http://ieeexplore.ieee.org/document/786993/},
 doi = {10.1109/CVPR.1999.786993},
 publisher = {IEEE},
 address = {Washington, DC, USA}
} 


@incollection{NIPS2005_2915,
title = {Variable KD-Tree Algorithms for Spatial Pattern Search and Discovery},
author = {Jeremy Kubica and Joseph Masiero and Robert Jedicke and Andrew Connolly and Andrew W. Moore},
booktitle = {Advances in Neural Information Processing Systems 18},
editor = {Y. Weiss and P. B. Sch\"{o}lkopf and J. C. Platt},
pages = {691--698},
year = {2006},
publisher = {MIT Press},
url = {http://papers.nips.cc/paper/2915-variable-kd-tree-algorithms-for-spatial-pattern-search-and-discovery.pdf}
}




























